@misc{rki_2022, 
    title={Robert Koch Institut COVID-19 data}, 
    howpublished ="\href{https://www.arcgis.com/sharing/rest/content/items/f10774f1c63e40168479a1feb6c7ca74/data}{download}", 
    journal={arcgis}, 
    author={Robert Koch Institut}, 
    year={2022}, 
    month={Jan}
} 

@misc{dwd_2022, 
    title={Deutscher Wetterdienst Daten}, 
    howpublished ="\href{https://opendata.dwd.de/climate_environment/CDC/observations_germany/climate/hourly/air_temperature/}{download}", 
    journal={opendata.dwd.de}, 
    author={Deutscher Wetterdienst}, 
    year={2022}, 
    month={Jan}
} 